@article{netto2017state,
  title={State machine replication in containers managed by Kubernetes},
  author={Netto, Hylson V and Lung, Lau Cheuk and Correia, Miguel and Luiz, Aldelir Fernando and de Souza, Luciana Moreira S{\'a}},
  journal={Journal of Systems Architecture},
  volume={73},
  pages={53--59},
  year={2017},
  publisher={Elsevier}
}